
%Literat\begingroup \let \relax \relax \endgroup [Pleaseinsert\PrerenderUnicode{ū}intopreamble]ra
%
%
%
%[1] J. Mathai Mammen, Seok-Ki Choi, and George M. Whitesides. Polyvalent Interactions in Biological Systems: Implications for Design and Use of Multivalent Ligands and Inhibitors. Angewandte Chemie International Edition Volume 37, Issue 20:  2754\begingroup \let \relax \relax \endgroup [Pleaseinsert\PrerenderUnicode{–}intopreamble]2794,  1998
%[2] Meyer B. Jackson. Molecular and Cellular Biophysics.  Cambridge University Press, 2006
%[3] Chinlin Guo and Herbert Levine. A statistical mechanics model for receptor clustering, Journal of Biological Physics , 26: 219-234, 2000
%
%[4] Lange K.  Applied Probability. Springer-Verlag, New York, 2003
%
%[5] Benjamin T.Houseman, Milan Mrksich. Model Systems for Studying Polyvalent Carbohydrate
%Binding Interactions. Topics in Current Chemistry. 218: 1-44, 2002.
%
%[6] Klein P, Pawson T, Tyers M. Mathematical modeling suggests cooperative interactions between a disordered polyvalent ligand and a single receptor site. Curr Biol. 13(19):1669-78, 2003

\begin{filecontents*}{x2.bib}
@ARTICLE{Grinis12,
 author={I. Grinis and F. Ivanauskas and G. Stepanauskas},
 title={ Kai kurie polivalentini\begingroup \let \relax \relax \endgroup [Pleaseinsert\PrerenderUnicode{ų}intopreamble] sistem\begingroup \let \relax \relax \endgroup [Pleaseinsert\PrerenderUnicode{ų}intopreamble] modeliavimo geometriniai aspektai},
 journal={Lietuvos matematikos rinkinys. Lietuvos matematik\begingroup \let \relax \relax \endgroup [Pleaseinsert\PrerenderUnicode{ų}intopreamble] draugijos darbai, ser. B},
 volume={53},
 number={1},
 year={2012},
 pages={62-67},
 note={%Note}
}

@ARTICLE{Fasting12,
 author={C. Fasting and C.A. Schalley and M. Weber and O. Seitz and S. Hecht and B. Koksch and J. Dernedde and C. Graf and E.W. Knapp and R. Haag},
 title={ Multivalenz als chemisches Organisations- und Wirkprinzip },
 journal={Angewandte Chemie},
 volume={124},
 number={42},
 year={2012},
 pages={10622\begingroup \let \relax \relax \endgroup [Pleaseinsert\PrerenderUnicode{–}intopreamble]10650},
 note={%Note}
}

@ARTICLE{Mammen98,
 author={J. Mathai Mammen and Seok-Ki Choi and George M. Whitesides},
 title={ Polyvalent Interactions in Biological Systems: Implications for Design and Use of Multivalent Ligands and Inhibitors},
 journal={Angewandte Chemie International Edition},
 volume={37},
 number={20},
 year={1998},
 pages={2754-2794},
 note={%Note}
}

@ARTICLE{Chinlin2000,
 author={Chinlin Guo and Herbert Levine},
 title={A Statistical Mechanics Model for Receptor Clustering},
 journal={Journal of Biological Physics},
 volume={26},
 number={3},
 year={2000},
 pages={219-234},
 note={%Note}
}

@ARTICLE{Houseman02,
 author={Benjamin T.Houseman and Milan Mrksich},
 title={Model Systems for Studying Polyvalent Carbohydrate Binding Interactions},
 journal={Topics in Current Chemistry},
 volume={218},
 number={1},
 year={2002},
 pages={1-44},
 note={%Note}
}

@ARTICLE{Klein03,
 author={Klein P and Pawson T and Tyers M.},
 title={Mathematical modeling suggests cooperative interactions between a disordered polyvalent ligand and a single receptor site},
 journal={Curr Biol.},
 volume={13},
 number={19},
 year={2003},
 pages={1669-1678},
 note={%Note}
}

@BOOK{Lange03,
   author = {Lange K.},
   title = {Applied Probability},
   publisher={Springer-Verlag},
   year = 2003
}

@BOOK{Trian10,
   author = { De Loera J.A. and Rambau J. and Santos F.},
   title = {Triangulations. Structures for Algorithms and Application},
   publisher={Springer-Verlag},
   year = 2010
}
