@ARTICLE{Grinis12,
 author={I. Grinis and F. Ivanauskas and G. Stepanauskas},
 title={ Some geometric aspects of polyvalent systems modeling},
 journal={Proc. of the Lithuanian Mathematical Society, Ser. B},
 volume={53},
 number={1},
 year={2012},
 pages={62-67},
 note={%Note}
}

@ARTICLE{Fasting12,
 author={C. Fasting and C.A. Schalley and M. Weber and O. Seitz and S. Hecht and B. Koksch and J. Dernedde and C. Graf and E.W. Knapp and R. Haag},
 title={ Multivalenz als chemisches Organisations- und Wirkprinzip },
 journal={Angewandte Chemie},
 volume={124},
 number={42},
 year={2012},
 pages={10622\begingroup \let \relax \relax \endgroup [Pleaseinsert\PrerenderUnicode{â€“}intopreamble]10650},
 note={%Note}
}

@ARTICLE{Mammen98,
 author={J. Mathai Mammen and Seok-Ki Choi and George M. Whitesides},
 title={ Polyvalent Interactions in Biological Systems: Implications for Design and Use of Multivalent Ligands and Inhibitors},
 journal={Angewandte Chemie International Edition},
 volume={37},
 number={20},
 year={1998},
 pages={2754-2794},
 note={%Note}
}

@ARTICLE{Chinlin2000,
 author={Chinlin Guo and Herbert Levine},
 title={A Statistical Mechanics Model for Receptor Clustering},
 journal={Journal of Biological Physics},
 volume={26},
 number={3},
 year={2000},
 pages={219-234},
 note={%Note}
}

@ARTICLE{Houseman02,
 author={Benjamin T.Houseman and Milan Mrksich},
 title={Model Systems for Studying Polyvalent Carbohydrate Binding Interactions},
 journal={Topics in Current Chemistry},
 volume={218},
 number={1},
 year={2002},
 pages={1-44},
 note={%Note}
}

@ARTICLE{Klein03,
 author={Klein P and Pawson T and Tyers M.},
 title={Mathematical modeling suggests cooperative interactions between a disordered polyvalent ligand and a single receptor site},
 journal={Curr Biol.},
 volume={13},
 number={19},
 year={2003},
 pages={1669-1678},
 note={%Note}
}

@BOOK{Lange03,
   author = {Lange K.},
   title = {Applied Probability},
   publisher={Springer-Verlag},
   year = 2003
}

@BOOK{Trian10,
   author = { De Loera J.A. and Rambau J. and Santos F.},
   title = {Triangulations. Structures for Algorithms and Application},
   publisher={Springer-Verlag},
   year = 2010
}
